@incollection{crochemore:hal-00469994,
	TITLE = {{Text data compression algorithms}},
	AUTHOR = {Crochemore, Maxime and Lecroq, Thierry},
	URL = {https://hal.archives-ouvertes.fr/hal-00469994},
	BOOKTITLE = {{Algorithms and Theory of Computation Handbook, Second Edition, Volume 1: General Concepts and Techniques}},
	EDITOR = {Mikhail J. Atallah and Marina Blanton},
	PUBLISHER = {{CRC Press, Boca Raton, FL}},
	PAGES = {14.1-14.25},
	YEAR = {2009},
	HAL_ID = {hal-00469994},
	HAL_VERSION = {v1},
}

@book{opac-b1095715,
	title = "Compression algorithms for real programmers",
	author = "Wayner, Peter",
	publisher = "Morgan Kaufmann",
	address = "San Diego",
	url = "http://opac.inria.fr/record=b1095715",
	isbn = "0-12-788774-1",
	year = 2000
}

